<?xml version="1.0" encoding="UTF-8"?>
  <record xmlns="http://www.loc.gov/MARC21/slim" type="Authority">
    <leader>00000nz  a2200000nc 4500</leader>
    <controlfield tag="001">040433595</controlfield>
    <controlfield tag="003">DE-101</controlfield>
    <controlfield tag="005">20211217173203.0</controlfield>
    <controlfield tag="008">880701n||azznnaabn           | ana    |c</controlfield>
    <datafield tag="024" ind1="7" ind2=" ">
      <subfield code="a">4043359-6</subfield>
      <subfield code="0">http://d-nb.info/gnd/4043359-6</subfield>
      <subfield code="2">gnd</subfield>
    </datafield>
    <datafield tag="024" ind1="7" ind2=" ">
      <subfield code="a">2857807</subfield>
      <subfield code="2">geonames</subfield>
    </datafield>
    <datafield tag="034" ind1=" " ind2=" ">
      <subfield code="d">E 008 45 59</subfield>
      <subfield code="e">E 008 45 59</subfield>
      <subfield code="f">N 050 06 02</subfield>
      <subfield code="g">N 050 06 02</subfield>
      <subfield code="2">geonames</subfield>
      <subfield code="0">https://sws.geonames.org/2857807</subfield>
      <subfield code="9">A:agx</subfield>
    </datafield>
    <datafield tag="034" ind1=" " ind2=" ">
      <subfield code="d">E008.766388</subfield>
      <subfield code="e">E008.766388</subfield>
      <subfield code="f">N050.100555</subfield>
      <subfield code="g">N050.100555</subfield>
      <subfield code="2">geonames</subfield>
      <subfield code="0">https://sws.geonames.org/2857807</subfield>
      <subfield code="9">A:dgx</subfield>
    </datafield>
    <datafield tag="035" ind1=" " ind2=" ">
      <subfield code="a">(DE-101)040433595</subfield>
    </datafield>
    <datafield tag="035" ind1=" " ind2=" ">
      <subfield code="a">(DE-588)4043359-6</subfield>
    </datafield>
    <datafield tag="035" ind1=" " ind2=" ">
      <subfield code="z">(DE-588)2021065-6</subfield>
    </datafield>
    <datafield tag="035" ind1=" " ind2=" ">
      <subfield code="z">(DE-588b)2021065-6</subfield>
      <subfield code="9">v:zg</subfield>
    </datafield>
    <datafield tag="035" ind1=" " ind2=" ">
      <subfield code="z">(DE-588c)4043359-6</subfield>
      <subfield code="9">v:zg</subfield>
    </datafield>
    <datafield tag="040" ind1=" " ind2=" ">
      <subfield code="a">DE-101</subfield>
      <subfield code="c">DE-101</subfield>
      <subfield code="9">r:DE-101</subfield>
      <subfield code="b">ger</subfield>
      <subfield code="d">9999</subfield>
    </datafield>
    <datafield tag="042" ind1=" " ind2=" ">
      <subfield code="a">gnd1</subfield>
    </datafield>
    <datafield tag="043" ind1=" " ind2=" ">
      <subfield code="c">XA-DE-HE</subfield>
    </datafield>
    <datafield tag="075" ind1=" " ind2=" ">
      <subfield code="b">g</subfield>
      <subfield code="2">gndgen</subfield>
    </datafield>
    <datafield tag="075" ind1=" " ind2=" ">
      <subfield code="b">gik</subfield>
      <subfield code="2">gndspec</subfield>
    </datafield>
    <datafield tag="079" ind1=" " ind2=" ">
      <subfield code="a">g</subfield>
      <subfield code="q">s</subfield>
      <subfield code="q">f</subfield>
      <subfield code="q">g</subfield>
      <subfield code="q">z</subfield>
      <subfield code="u">w</subfield>
      <subfield code="u">z</subfield>
      <subfield code="u">o</subfield>
      <subfield code="u">v</subfield>
    </datafield>
    <datafield tag="083" ind1="0" ind2="4">
      <subfield code="z">2</subfield>
      <subfield code="a">434163</subfield>
      <subfield code="9">d:4</subfield>
      <subfield code="9">t:2007-01-01</subfield>
      <subfield code="2">22/ger</subfield>
    </datafield>
    <datafield tag="151" ind1=" " ind2=" ">
      <subfield code="a">Offenbach am Main</subfield>
    </datafield>
    <datafield tag="410" ind1="2" ind2=" ">
      <subfield code="a">Offenbach am Main</subfield>
      <subfield code="b">Magistrat</subfield>
      <subfield code="4">spio</subfield>
      <subfield code="4">https://d-nb.info/standards/elementset/gnd#variantName</subfield>
      <subfield code="w">r</subfield>
      <subfield code="i">Spitzenorgan</subfield>
      <subfield code="e">Spitzenorgan</subfield>
    </datafield>
    <datafield tag="410" ind1="2" ind2=" ">
      <subfield code="a">Magistrat</subfield>
      <subfield code="g">Offenbach am Main</subfield>
      <subfield code="4">spio</subfield>
      <subfield code="4">https://d-nb.info/standards/elementset/gnd#variantName</subfield>
      <subfield code="w">r</subfield>
      <subfield code="i">Spitzenorgan</subfield>
      <subfield code="e">Spitzenorgan</subfield>
    </datafield>
    <datafield tag="410" ind1="2" ind2=" ">
      <subfield code="a">Magistrat der Stadt Offenbach am Main</subfield>
      <subfield code="4">spio</subfield>
      <subfield code="4">https://d-nb.info/standards/elementset/gnd#variantName</subfield>
      <subfield code="w">r</subfield>
      <subfield code="i">Spitzenorgan</subfield>
      <subfield code="e">Spitzenorgan</subfield>
    </datafield>
    <datafield tag="410" ind1="2" ind2=" ">
      <subfield code="a">Offenbach am Main</subfield>
      <subfield code="b">Presse- und Informationsabteilung</subfield>
      <subfield code="4">spio</subfield>
      <subfield code="4">https://d-nb.info/standards/elementset/gnd#variantName</subfield>
      <subfield code="w">r</subfield>
      <subfield code="i">Spitzenorgan</subfield>
      <subfield code="e">Spitzenorgan</subfield>
    </datafield>
    <datafield tag="410" ind1="2" ind2=" ">
      <subfield code="a">Presse- und Informationsabteilung</subfield>
      <subfield code="g">Offenbach am Main</subfield>
      <subfield code="4">spio</subfield>
      <subfield code="4">https://d-nb.info/standards/elementset/gnd#variantName</subfield>
      <subfield code="w">r</subfield>
      <subfield code="i">Spitzenorgan</subfield>
      <subfield code="e">Spitzenorgan</subfield>
    </datafield>
    <datafield tag="410" ind1="2" ind2=" ">
      <subfield code="a">Offenbach am Main</subfield>
      <subfield code="b">Presse- und Informationsamt</subfield>
      <subfield code="4">spio</subfield>
      <subfield code="4">https://d-nb.info/standards/elementset/gnd#variantName</subfield>
      <subfield code="w">r</subfield>
      <subfield code="i">Spitzenorgan</subfield>
      <subfield code="e">Spitzenorgan</subfield>
    </datafield>
    <datafield tag="410" ind1="2" ind2=" ">
      <subfield code="a">Presse- und Informationsamt</subfield>
      <subfield code="g">Offenbach am Main</subfield>
      <subfield code="4">spio</subfield>
      <subfield code="4">https://d-nb.info/standards/elementset/gnd#variantName</subfield>
      <subfield code="w">r</subfield>
      <subfield code="i">Spitzenorgan</subfield>
      <subfield code="e">Spitzenorgan</subfield>
    </datafield>
    <datafield tag="410" ind1="2" ind2=" ">
      <subfield code="a">ʾWPYBʾK</subfield>
    </datafield>
    <datafield tag="451" ind1=" " ind2=" ">
      <subfield code="a">Stadt Offenbach, Main</subfield>
    </datafield>
    <datafield tag="451" ind1=" " ind2=" ">
      <subfield code="a">Offenbach am Mayn</subfield>
    </datafield>
    <datafield tag="451" ind1=" " ind2=" ">
      <subfield code="9">L:yid</subfield>
      <subfield code="a">Ofebakh</subfield>
    </datafield>
    <datafield tag="451" ind1=" " ind2=" ">
      <subfield code="9">L:yid</subfield>
      <subfield code="a">Ofibakh</subfield>
    </datafield>
    <datafield tag="451" ind1=" " ind2=" ">
      <subfield code="a">Offenbahha-Shi</subfield>
    </datafield>
    <datafield tag="451" ind1=" " ind2=" ">
      <subfield code="a">OF</subfield>
      <subfield code="4">abku</subfield>
      <subfield code="4">https://d-nb.info/standards/elementset/gnd#abbreviatedNameForThePlaceOrGeographicName</subfield>
      <subfield code="w">r</subfield>
      <subfield code="i">Abkuerzung</subfield>
      <subfield code="9">v:Autokennzeichen</subfield>
    </datafield>
    <datafield tag="451" ind1=" " ind2=" ">
      <subfield code="a">Offenbach, Main</subfield>
      <subfield code="4">ngkd</subfield>
      <subfield code="4">https://d-nb.info/standards/elementset/gnd#variantName</subfield>
      <subfield code="w">r</subfield>
      <subfield code="i">Ehemalige Vorzugsbenennung GKD</subfield>
    </datafield>
    <datafield tag="451" ind1=" " ind2=" ">
      <subfield code="a">Offenbach</subfield>
      <subfield code="g">Main</subfield>
    </datafield>
    <datafield tag="451" ind1=" " ind2=" ">
      <subfield code="a">Stadt Offenbach</subfield>
      <subfield code="g">Main</subfield>
    </datafield>
    <datafield tag="451" ind1=" " ind2=" ">
      <subfield code="9">U:Hebr</subfield>
      <subfield code="9">L:yid</subfield>
      <subfield code="a">אופיבאך</subfield>
    </datafield>
    <datafield tag="667" ind1=" " ind2=" ">
      <subfield code="a">VPe</subfield>
    </datafield>
    <datafield tag="667" ind1=" " ind2=" ">
      <subfield code="a">MMm</subfield>
    </datafield>
    <datafield tag="670" ind1=" " ind2=" ">
      <subfield code="a">Orts-Mü. 33</subfield>
    </datafield>
    <datafield tag="670" ind1=" " ind2=" ">
      <subfield code="a">B 2006 2.</subfield>
    </datafield>
    <datafield tag="670" ind1=" " ind2=" ">
      <subfield code="a">M</subfield>
    </datafield>
    <datafield tag="670" ind1=" " ind2=" ">
      <subfield code="a">GeoNames</subfield>
    </datafield>
    <datafield tag="670" ind1=" " ind2=" ">
      <subfield code="a">Homepage</subfield>
      <subfield code="b">Stand: 11.10.2017</subfield>
      <subfield code="u">https://www.offenbach.de</subfield>
    </datafield>
    <datafield tag="678" ind1=" " ind2=" ">
      <subfield code="b">Stadt im Rhein-Main-Gebiet, 977 urkundl. erwähnt</subfield>
    </datafield>
    <datafield tag="751" ind1=" " ind2="4">
      <subfield code="a">אופיבאך</subfield>
      <subfield code="9">U:Hebr</subfield>
      <subfield code="9">L:yid</subfield>
      <subfield code="9">v:Original</subfield>
    </datafield>
    <datafield tag="913" ind1=" " ind2=" ">
      <subfield code="S">swd</subfield>
      <subfield code="i">g</subfield>
      <subfield code="a">Offenbach &lt;Main&gt;</subfield>
      <subfield code="0">(DE-588c)4043359-6</subfield>
    </datafield>
    <datafield tag="913" ind1=" " ind2=" ">
      <subfield code="S">gkd</subfield>
      <subfield code="i">a</subfield>
      <subfield code="a">Offenbach &lt;Main&gt;</subfield>
      <subfield code="0">(DE-588b)2021065-6</subfield>
    </datafield>
  </record>
